
@INPROCEEDINGS{9509982,  
	author={Noorudin, Mohamad Shahfadhil and Mohd Jamil, Siti Nor Katijah and Alkawaz, Mohammed Hazim and Md Johar, Md Gapar},  
	booktitle={2021 IEEE Symposium on Industrial Electronics and Applications (ISIEA)},  
	title={The Role Playing Games from Classic to Modern: Future Perspective},   
	year={2021},  
	volume={},  
	number={},  
	pages={1-5},  
	doi={10.1109/ISIEA51897.2021.9509982}
}


@misc{RPGMF,
	author="Dr. Daniel Gronsky ",
	title="History of RPGs ",
	howpublished =" \url{https://super.magfest.org/mages-blog/history-of-rpgs} ",
}